@book{python_data_science_handbook,
  author    = {Jake VanderPlas},
  title     = {Python Data Science Handbook: Essential Tools for Working with Data},
  year      = {2016},
  publisher = {O'Reilly Media},
  url       = {https://jakevdp.github.io/PythonDataScienceHandbook/}
}

@book{hands_on_machine_learning,
  author    = {Aurélien Géron},
  title     = {Hands-On Machine Learning with Scikit-Learn, Keras, and TensorFlow},
  year      = {2019},
  publisher = {O'Reilly Media},
  url       = {https://www.oreilly.com/library/view/hands-on-machine/9781492032632/}
}

@book{pattern_recognition_and_machine_learning,
  author    = {Christopher M. Bishop},
  title     = {Pattern Recognition and Machine Learning},
  year      = {2006},
  publisher = {Springer},
  url       = {https://www.springer.com/gp/book/9780387310732}
}

@article{scikit_learn_user_guide,
  author    = {Scikit-learn Developers},
  title     = {Scikit-learn User Guide},
  journal   = {Scikit-learn Documentation},
  year      = {2024},
  url       = {https://scikit-learn.org/stable/user_guide.html}
}

@misc{numpy,
  author    = {NumPy Developers},
  title     = {NumPy: The Fundamental Package for Scientific Computing with Python},
  year      = {2024},
  url       = {https://numpy.org}
}

@misc{pandas,
  author    = {Pandas Development Team},
  title     = {Pandas: Python Data Analysis Library},
  year      = {2024},
  url       = {https://pandas.pydata.org}
}
