@article{lake2017,
    author = {Lake, Brendan M. and Ullman, Tomer D. and Tanenbaum, Joshua B. and Geshman, Samuel J.},
    title = {Building machines that learn and think like people},
    journal = {{Behavioral and Brain Sciences}},
    year = {2017},
    volume = {40},
    number = {2017},
    pages = {1 -- 72}
}

@article{lecun1998,
    author = {LeCun, Y., Bottou, L., Bengio, Y. and Haffner, P.},
    title = {Gradient-based learning applied to document recognition},
    journal = {Proceedings of the IEEE},
    year = {1998},
    volume = {86},
    number = {11},
    pages = {2278 -- 2324}
}

@article{lecun2015,
    author = {LeCun, Y., Bengio, Y. and Hinton, G.},
    title = {Deep learning},
    journal = {nature},
    year = {2015},
    volume = {521},
    number = {7553},
    pages = {436 -- 444}
}

@misc{lecunYannLeCunaposs,
	author = {},
	title = {{Y}ann {L}e{C}un's {B}iography --- yann.lecun.org},
	howpublished = {\url{http://yann.lecun.org/ex/bio.html}},
	year = {},
	note = {[Accessed 23-03-2024]},
}