@book{python_data_science_handbook,
  author    = {Jake VanderPlas},
  title     = {Python Data Science Handbook: Essential Tools for Working with Data},
  year      = {2016},
  publisher = {O'Reilly Media},
  url       = {https://jakevdp.github.io/PythonDataScienceHandbook/}
}

@book{hands_on_machine_learning,
  author    = {Aurélien Géron},
  title     = {Hands-On Machine Learning with Scikit-Learn, Keras, and TensorFlow},
  year      = {2019},
  publisher = {O'Reilly Media},
  url       = {https://www.oreilly.com/library/view/hands-on-machine/9781492032632/}
}

@book{pattern_recognition_and_machine_learning,
  author    = {Christopher M. Bishop},
  title     = {Pattern Recognition and Machine Learning},
  year      = {2006},
  publisher = {Springer},
  url       = {https://www.springer.com/gp/book/9780387310732}
}

@article{scikit_learn_user_guide,
  author    = {Scikit-learn Developers},
  title     = {Scikit-learn User Guide},
  journal   = {Scikit-learn Documentation},
  year      = {2024},
  url       = {https://scikit-learn.org/stable/user_guide.html}
}

@misc{numpy,
  author    = {NumPy Developers},
  title     = {NumPy: The Fundamental Package for Scientific Computing with Python},
  year      = {2024},
  url       = {https://numpy.org}
}

@misc{pandas,
  author    = {Pandas Development Team},
  title     = {Pandas: Python Data Analysis Library},
  year      = {2024},
  url       = {https://pandas.pydata.org}
}








@article{breiman2001random,
  title={Random forests},
  author={Breiman, Leo},
  journal={Machine learning},
  volume={45},
  number={1},
  pages={5--32},
  year={2001},
  publisher={Springer}
}

@article{cortes1995support,
  title={Support-vector networks},
  author={Cortes, Corinna and Vapnik, Vladimir},
  journal={Machine learning},
  volume={20},
  number={3},
  pages={273--297},
  year={1995},
  publisher={Springer}
}

@article{ferrara2016rise,
  title={The rise of social bots},
  author={Ferrara, Emilio and Varol, Onur and Davis, Clayton and Menczer, Filippo and Flammini, Alessandro},
  journal={Communications of the ACM},
  volume={59},
  number={7},
  pages={96--104},
  year={2016},
  publisher={ACM New York, NY, USA}
}

@article{quinlan1986induction,
  title={Induction of decision trees},
  author={Quinlan, JR},
  journal={Machine learning},
  volume={1},
  number={1},
  pages={81--106},
  year={1986},
  publisher={Springer}
}

@inproceedings{ramos2003using,
  title={Using tf-idf to determine word relevance in document queries},
  author={Ramos, Juan},
  booktitle={Proceedings of the first instructional conference on machine learning},
  volume={242},
  pages={133--142},
  year={2003}
}

@book{zaki2014data,
  title={Data mining and analysis: fundamental concepts and algorithms},
  author={Zaki, Mohammed J and Meira, Wagner},
  year={2014},
  publisher={Cambridge University Press}
}
